@IEEEtranBSTCTL{IEEEexample:BSTcontrol,
CTLuse_forced_etal       = "yes",
CTLmax_names_forced_etal = "3",
CTLnames_show_etal       = "2"
}
@book{InfH,
address = {M\"{u}nchen -- Wien},
author = {Rechenberg, Peter and Pomberger, Gustav and Blaschek, G\"{u}nther and Bode, Arndt and Bohn, Wilhelm Friedrich and Borrmann, Lothar and Buchberger, Bruno},
edition = {4th},
publisher = {Hanser Verlag},
title = {{Informatik Handbuch}},
year = {2006}
}
@misc{sysarch-git-1,
note = {letzter Zugriff am 18.08.2022},
author = {{}},
title = {{Was ist Git?}},
url = {https://www.atlassian.com/de/git/tutorials/what-is-git},
year = {}
}
@misc{sysarch-git-2,
note = {letzter Zugriff am 18.08.2022},
author = {{}},
title = {{GIT FACHBEGRIFFE EINFACH ERKLÄRT}},
url = {https://www.arocom.de/fachbegriffe/webentwicklung/git},
year = {}
}
@misc{sysarch-github-1,
note = {letzter Zugriff am 18.08.2022},
author = {{Saurabh Mhatre}},
title = {{The untold story of Github}},
url = {https://smhatre59.medium.com/the-untold-story-of-github-132840f72f56},
year = {2016}
}
@misc{sysarch-github-2,
note = {letzter Zugriff am 18.08.2022},
author = {{}},
title = {{Was ist GitHub? Eine Einführung in GitHub für Einsteiger}},
url = {https://kinsta.com/de/wissensdatenbank/was-ist-github/},
year = {2020}
}
@misc{sysarch-github-3,
note = {letzter Zugriff am 18.08.2022},
author = {{}},
title = {{About issues}},
url = {https://docs.github.com/en/issues/tracking-your-work-with-issues/about-issues},
year = {}
}